%YAML 1.1
%TAG !u! tag:unity3d.com,2011:
--- !u!1 &1038886976060412951
GameObject:
  m_ObjectHideFlags: 0
  m_CorrespondingSourceObject: {fileID: 0}
  m_PrefabInstance: {fileID: 0}
  m_PrefabAsset: {fileID: 0}
  serializedVersion: 6
  m_Component:
  - component: {fileID: 8640092448258179550}
  - component: {fileID: 3185454738627528520}
  m_Layer: 0
  m_Name: Freeform Light 2D (1)
  m_TagString: Untagged
  m_Icon: {fileID: 0}
  m_NavMeshLayer: 0
  m_StaticEditorFlags: 0
  m_IsActive: 1
--- !u!4 &8640092448258179550
Transform:
  m_ObjectHideFlags: 0
  m_CorrespondingSourceObject: {fileID: 0}
  m_PrefabInstance: {fileID: 0}
  m_PrefabAsset: {fileID: 0}
  m_GameObject: {fileID: 1038886976060412951}
  m_LocalRotation: {x: -0, y: -0, z: -0, w: 1}
  m_LocalPosition: {x: 6.771, y: 16.513, z: 12.556988}
  m_LocalScale: {x: 1, y: 1, z: 1}
  m_Children: []
  m_Father: {fileID: 1708594221306948452}
  m_RootOrder: 0
  m_LocalEulerAnglesHint: {x: 0, y: 0, z: 0}
--- !u!114 &3185454738627528520
MonoBehaviour:
  m_ObjectHideFlags: 0
  m_CorrespondingSourceObject: {fileID: 0}
  m_PrefabInstance: {fileID: 0}
  m_PrefabAsset: {fileID: 0}
  m_GameObject: {fileID: 1038886976060412951}
  m_Enabled: 1
  m_EditorHideFlags: 0
  m_Script: {fileID: 11500000, guid: 073797afb82c5a1438f328866b10b3f0, type: 3}
  m_Name: 
  m_EditorClassIdentifier: 
  m_LightType: 1
  m_BlendStyleIndex: 0
  m_FalloffIntensity: 0.8
  m_Color: {r: 1, g: 1, b: 1, a: 1}
  m_Intensity: 1
  m_LightVolumeOpacity: 0
  m_ApplyToSortingLayers: 00000000
  m_LightCookieSprite: {fileID: 0}
  m_UseNormalMap: 0
  m_LightOrder: 0
  m_AlphaBlendOnOverlap: 0
  m_ShadowIntensity: 0
  m_ShadowVolumeIntensity: 0
  m_PointLightInnerAngle: 360
  m_PointLightOuterAngle: 360
  m_PointLightInnerRadius: 0
  m_PointLightOuterRadius: 1
  m_PointLightDistance: 3
  m_PointLightQuality: 1
  m_ShapeLightParametricSides: 5
  m_ShapeLightParametricAngleOffset: 0
  m_ShapeLightParametricRadius: 1
  m_ShapeLightFalloffSize: 4.91
  m_ShapeLightFalloffOffset: {x: 0.03, y: -8.78}
  m_ShapePath:
  - {x: -0.16691637, y: 0.46432877, z: 0}
  - {x: 0.096208096, y: 0.47106743, z: 0}
  - {x: 0.11178303, y: 0.5479584, z: 0}
  - {x: -0.1859951, y: 0.5496235, z: 0}
--- !u!1 &1522516574706116694
GameObject:
  m_ObjectHideFlags: 0
  m_CorrespondingSourceObject: {fileID: 0}
  m_PrefabInstance: {fileID: 0}
  m_PrefabAsset: {fileID: 0}
  serializedVersion: 6
  m_Component:
  - component: {fileID: 8998405713716562460}
  - component: {fileID: 3697851131780019239}
  m_Layer: 0
  m_Name: Parametric Light 2D (4)
  m_TagString: Untagged
  m_Icon: {fileID: 0}
  m_NavMeshLayer: 0
  m_StaticEditorFlags: 0
  m_IsActive: 1
--- !u!4 &8998405713716562460
Transform:
  m_ObjectHideFlags: 0
  m_CorrespondingSourceObject: {fileID: 0}
  m_PrefabInstance: {fileID: 0}
  m_PrefabAsset: {fileID: 0}
  m_GameObject: {fileID: 1522516574706116694}
  m_LocalRotation: {x: -0, y: -0, z: -0, w: 1}
  m_LocalPosition: {x: 38.8, y: 13.25, z: 12.556988}
  m_LocalScale: {x: 2.541405, y: 2.4708087, z: 1.0641}
  m_Children: []
  m_Father: {fileID: 1708594221306948452}
  m_RootOrder: 6
  m_LocalEulerAnglesHint: {x: 0, y: 0, z: 0}
--- !u!114 &3697851131780019239
MonoBehaviour:
  m_ObjectHideFlags: 0
  m_CorrespondingSourceObject: {fileID: 0}
  m_PrefabInstance: {fileID: 0}
  m_PrefabAsset: {fileID: 0}
  m_GameObject: {fileID: 1522516574706116694}
  m_Enabled: 1
  m_EditorHideFlags: 0
  m_Script: {fileID: 11500000, guid: 073797afb82c5a1438f328866b10b3f0, type: 3}
  m_Name: 
  m_EditorClassIdentifier: 
  m_LightType: 0
  m_BlendStyleIndex: 0
  m_FalloffIntensity: 0.76
  m_Color: {r: 1, g: 0.42745098, b: 0, a: 1}
  m_Intensity: 0.6
  m_LightVolumeOpacity: 0
  m_ApplyToSortingLayers: 00000000
  m_LightCookieSprite: {fileID: 0}
  m_UseNormalMap: 0
  m_LightOrder: 1
  m_AlphaBlendOnOverlap: 0
  m_ShadowIntensity: 0
  m_ShadowVolumeIntensity: 0
  m_PointLightInnerAngle: 360
  m_PointLightOuterAngle: 360
  m_PointLightInnerRadius: 0
  m_PointLightOuterRadius: 1
  m_PointLightDistance: 3
  m_PointLightQuality: 1
  m_ShapeLightParametricSides: 4
  m_ShapeLightParametricAngleOffset: 0
  m_ShapeLightParametricRadius: 1
  m_ShapeLightFalloffSize: 0.5
  m_ShapeLightFalloffOffset: {x: 0, y: 0}
  m_ShapePath:
  - {x: -0.5, y: -0.5, z: 0}
  - {x: 0.5, y: -0.5, z: 0}
  - {x: 0.5, y: 0.5, z: 0}
  - {x: -0.5, y: 0.5, z: 0}
--- !u!1 &1872287456972061323
GameObject:
  m_ObjectHideFlags: 0
  m_CorrespondingSourceObject: {fileID: 0}
  m_PrefabInstance: {fileID: 0}
  m_PrefabAsset: {fileID: 0}
  serializedVersion: 6
  m_Component:
  - component: {fileID: 1708594221306948452}
  m_Layer: 0
  m_Name: Lights
  m_TagString: Untagged
  m_Icon: {fileID: 0}
  m_NavMeshLayer: 0
  m_StaticEditorFlags: 0
  m_IsActive: 1
--- !u!4 &1708594221306948452
Transform:
  m_ObjectHideFlags: 0
  m_CorrespondingSourceObject: {fileID: 0}
  m_PrefabInstance: {fileID: 0}
  m_PrefabAsset: {fileID: 0}
  m_GameObject: {fileID: 1872287456972061323}
  m_LocalRotation: {x: -0, y: -0, z: -0, w: 1}
  m_LocalPosition: {x: 9.42, y: -9.36, z: -12.556988}
  m_LocalScale: {x: 1, y: 1, z: 1}
  m_Children:
  - {fileID: 8640092448258179550}
  - {fileID: 1188018411221263859}
  - {fileID: 3602842067119372095}
  - {fileID: 629686530761640572}
  - {fileID: 5352809346818950335}
  - {fileID: 6870852012583546542}
  - {fileID: 8998405713716562460}
  - {fileID: 1471672927746049821}
  m_Father: {fileID: 5974257144059022653}
  m_RootOrder: 4
  m_LocalEulerAnglesHint: {x: 0, y: 0, z: 0}
--- !u!1 &2134733147598260811
GameObject:
  m_ObjectHideFlags: 0
  m_CorrespondingSourceObject: {fileID: 0}
  m_PrefabInstance: {fileID: 0}
  m_PrefabAsset: {fileID: 0}
  serializedVersion: 6
  m_Component:
  - component: {fileID: 6870852012583546542}
  - component: {fileID: 1670664352868937244}
  m_Layer: 0
  m_Name: Parametric Light 2D (3)
  m_TagString: Untagged
  m_Icon: {fileID: 0}
  m_NavMeshLayer: 0
  m_StaticEditorFlags: 0
  m_IsActive: 1
--- !u!4 &6870852012583546542
Transform:
  m_ObjectHideFlags: 0
  m_CorrespondingSourceObject: {fileID: 0}
  m_PrefabInstance: {fileID: 0}
  m_PrefabAsset: {fileID: 0}
  m_GameObject: {fileID: 2134733147598260811}
  m_LocalRotation: {x: -0, y: -0, z: -0, w: 1}
  m_LocalPosition: {x: 44.54, y: 13.981487, z: 12.556988}
  m_LocalScale: {x: 1.2654876, y: 1.6014706, z: 1.0641}
  m_Children: []
  m_Father: {fileID: 1708594221306948452}
  m_RootOrder: 5
  m_LocalEulerAnglesHint: {x: 0, y: 0, z: 0}
--- !u!114 &1670664352868937244
MonoBehaviour:
  m_ObjectHideFlags: 0
  m_CorrespondingSourceObject: {fileID: 0}
  m_PrefabInstance: {fileID: 0}
  m_PrefabAsset: {fileID: 0}
  m_GameObject: {fileID: 2134733147598260811}
  m_Enabled: 1
  m_EditorHideFlags: 0
  m_Script: {fileID: 11500000, guid: 073797afb82c5a1438f328866b10b3f0, type: 3}
  m_Name: 
  m_EditorClassIdentifier: 
  m_LightType: 0
  m_BlendStyleIndex: 0
  m_FalloffIntensity: 0.66
  m_Color: {r: 1, g: 0.42745098, b: 0, a: 1}
  m_Intensity: 0.6
  m_LightVolumeOpacity: 0
  m_ApplyToSortingLayers: 00000000
  m_LightCookieSprite: {fileID: 0}
  m_UseNormalMap: 0
  m_LightOrder: 1
  m_AlphaBlendOnOverlap: 0
  m_ShadowIntensity: 0
  m_ShadowVolumeIntensity: 0
  m_PointLightInnerAngle: 360
  m_PointLightOuterAngle: 360
  m_PointLightInnerRadius: 0
  m_PointLightOuterRadius: 1
  m_PointLightDistance: 3
  m_PointLightQuality: 1
  m_ShapeLightParametricSides: 4
  m_ShapeLightParametricAngleOffset: 0
  m_ShapeLightParametricRadius: 1
  m_ShapeLightFalloffSize: 0.5
  m_ShapeLightFalloffOffset: {x: 0, y: 0}
  m_ShapePath:
  - {x: -0.5, y: -0.5, z: 0}
  - {x: 0.5, y: -0.5, z: 0}
  - {x: 0.5, y: 0.5, z: 0}
  - {x: -0.5, y: 0.5, z: 0}
--- !u!1 &2457385542308833874
GameObject:
  m_ObjectHideFlags: 0
  m_CorrespondingSourceObject: {fileID: 0}
  m_PrefabInstance: {fileID: 0}
  m_PrefabAsset: {fileID: 0}
  serializedVersion: 6
  m_Component:
  - component: {fileID: 629686530761640572}
  - component: {fileID: 3465284664082705248}
  m_Layer: 0
  m_Name: Parametric Light 2D (1)
  m_TagString: Untagged
  m_Icon: {fileID: 0}
  m_NavMeshLayer: 0
  m_StaticEditorFlags: 0
  m_IsActive: 1
--- !u!4 &629686530761640572
Transform:
  m_ObjectHideFlags: 0
  m_CorrespondingSourceObject: {fileID: 0}
  m_PrefabInstance: {fileID: 0}
  m_PrefabAsset: {fileID: 0}
  m_GameObject: {fileID: 2457385542308833874}
  m_LocalRotation: {x: -0, y: -0, z: -0, w: 1}
  m_LocalPosition: {x: 35, y: 13.981487, z: 12.556988}
  m_LocalScale: {x: 1.2654876, y: 1.6014706, z: 1.0641}
  m_Children: []
  m_Father: {fileID: 1708594221306948452}
  m_RootOrder: 3
  m_LocalEulerAnglesHint: {x: 0, y: 0, z: 0}
--- !u!114 &3465284664082705248
MonoBehaviour:
  m_ObjectHideFlags: 0
  m_CorrespondingSourceObject: {fileID: 0}
  m_PrefabInstance: {fileID: 0}
  m_PrefabAsset: {fileID: 0}
  m_GameObject: {fileID: 2457385542308833874}
  m_Enabled: 1
  m_EditorHideFlags: 0
  m_Script: {fileID: 11500000, guid: 073797afb82c5a1438f328866b10b3f0, type: 3}
  m_Name: 
  m_EditorClassIdentifier: 
  m_LightType: 0
  m_BlendStyleIndex: 0
  m_FalloffIntensity: 0.66
  m_Color: {r: 1, g: 0.42745098, b: 0, a: 1}
  m_Intensity: 0.6
  m_LightVolumeOpacity: 0
  m_ApplyToSortingLayers: 00000000
  m_LightCookieSprite: {fileID: 0}
  m_UseNormalMap: 0
  m_LightOrder: 1
  m_AlphaBlendOnOverlap: 0
  m_ShadowIntensity: 0
  m_ShadowVolumeIntensity: 0
  m_PointLightInnerAngle: 360
  m_PointLightOuterAngle: 360
  m_PointLightInnerRadius: 0
  m_PointLightOuterRadius: 1
  m_PointLightDistance: 3
  m_PointLightQuality: 1
  m_ShapeLightParametricSides: 4
  m_ShapeLightParametricAngleOffset: 0
  m_ShapeLightParametricRadius: 1
  m_ShapeLightFalloffSize: 0.5
  m_ShapeLightFalloffOffset: {x: 0, y: 0}
  m_ShapePath:
  - {x: -0.5, y: -0.5, z: 0}
  - {x: 0.5, y: -0.5, z: 0}
  - {x: 0.5, y: 0.5, z: 0}
  - {x: -0.5, y: 0.5, z: 0}
--- !u!1 &2879425506335417190
GameObject:
  m_ObjectHideFlags: 0
  m_CorrespondingSourceObject: {fileID: 0}
  m_PrefabInstance: {fileID: 0}
  m_PrefabAsset: {fileID: 0}
  serializedVersion: 6
  m_Component:
  - component: {fileID: 5974257144059022653}
  m_Layer: 0
  m_Name: PrimerEscenario2
  m_TagString: Untagged
  m_Icon: {fileID: 0}
  m_NavMeshLayer: 0
  m_StaticEditorFlags: 0
  m_IsActive: 1
--- !u!4 &5974257144059022653
Transform:
  m_ObjectHideFlags: 0
  m_CorrespondingSourceObject: {fileID: 0}
  m_PrefabInstance: {fileID: 0}
  m_PrefabAsset: {fileID: 0}
  m_GameObject: {fileID: 2879425506335417190}
  m_LocalRotation: {x: 0, y: 0, z: 0, w: 1}
  m_LocalPosition: {x: 0, y: 0, z: 0}
  m_LocalScale: {x: 1, y: 1, z: 1}
  m_Children:
  - {fileID: 3975045935237776938}
  - {fileID: 3767688613854261616}
  - {fileID: 2769722812502119291}
  - {fileID: 5790637837333516284}
  - {fileID: 1708594221306948452}
  - {fileID: 4343074407786310810}
  - {fileID: 3700669228284111935}
  - {fileID: 6474806373809925640}
  - {fileID: 3506009436889886811}
  - {fileID: 2220420559667489500}
  m_Father: {fileID: 0}
  m_RootOrder: 0
  m_LocalEulerAnglesHint: {x: 0, y: 0, z: 0}
--- !u!1 &2944179191811590829
GameObject:
  m_ObjectHideFlags: 0
  m_CorrespondingSourceObject: {fileID: 0}
  m_PrefabInstance: {fileID: 0}
  m_PrefabAsset: {fileID: 0}
  serializedVersion: 6
  m_Component:
  - component: {fileID: 5352809346818950335}
  - component: {fileID: 7295344849830066389}
  m_Layer: 0
  m_Name: Parametric Light 2D (2)
  m_TagString: Untagged
  m_Icon: {fileID: 0}
  m_NavMeshLayer: 0
  m_StaticEditorFlags: 0
  m_IsActive: 1
--- !u!4 &5352809346818950335
Transform:
  m_ObjectHideFlags: 0
  m_CorrespondingSourceObject: {fileID: 0}
  m_PrefabInstance: {fileID: 0}
  m_PrefabAsset: {fileID: 0}
  m_GameObject: {fileID: 2944179191811590829}
  m_LocalRotation: {x: -0, y: -0, z: -0, w: 1}
  m_LocalPosition: {x: 42.52, y: 13.981487, z: 12.556988}
  m_LocalScale: {x: 1.1125165, y: 1.6014706, z: 1.0641}
  m_Children: []
  m_Father: {fileID: 1708594221306948452}
  m_RootOrder: 4
  m_LocalEulerAnglesHint: {x: 0, y: 0, z: 0}
--- !u!114 &7295344849830066389
MonoBehaviour:
  m_ObjectHideFlags: 0
  m_CorrespondingSourceObject: {fileID: 0}
  m_PrefabInstance: {fileID: 0}
  m_PrefabAsset: {fileID: 0}
  m_GameObject: {fileID: 2944179191811590829}
  m_Enabled: 1
  m_EditorHideFlags: 0
  m_Script: {fileID: 11500000, guid: 073797afb82c5a1438f328866b10b3f0, type: 3}
  m_Name: 
  m_EditorClassIdentifier: 
  m_LightType: 0
  m_BlendStyleIndex: 0
  m_FalloffIntensity: 0.76
  m_Color: {r: 1, g: 0.42745098, b: 0, a: 1}
  m_Intensity: 0.6
  m_LightVolumeOpacity: 0
  m_ApplyToSortingLayers: 00000000
  m_LightCookieSprite: {fileID: 0}
  m_UseNormalMap: 0
  m_LightOrder: 1
  m_AlphaBlendOnOverlap: 0
  m_ShadowIntensity: 0
  m_ShadowVolumeIntensity: 0
  m_PointLightInnerAngle: 360
  m_PointLightOuterAngle: 360
  m_PointLightInnerRadius: 0
  m_PointLightOuterRadius: 1
  m_PointLightDistance: 3
  m_PointLightQuality: 1
  m_ShapeLightParametricSides: 4
  m_ShapeLightParametricAngleOffset: 0
  m_ShapeLightParametricRadius: 1
  m_ShapeLightFalloffSize: 0.5
  m_ShapeLightFalloffOffset: {x: 0, y: 0}
  m_ShapePath:
  - {x: -0.5, y: -0.5, z: 0}
  - {x: 0.5, y: -0.5, z: 0}
  - {x: 0.5, y: 0.5, z: 0}
  - {x: -0.5, y: 0.5, z: 0}
--- !u!1 &3900946570792649396
GameObject:
  m_ObjectHideFlags: 0
  m_CorrespondingSourceObject: {fileID: 0}
  m_PrefabInstance: {fileID: 0}
  m_PrefabAsset: {fileID: 0}
  serializedVersion: 6
  m_Component:
  - component: {fileID: 2769722812502119291}
  m_Layer: 0
  m_Name: EndPosition
  m_TagString: Untagged
  m_Icon: {fileID: 0}
  m_NavMeshLayer: 0
  m_StaticEditorFlags: 0
  m_IsActive: 1
--- !u!4 &2769722812502119291
Transform:
  m_ObjectHideFlags: 0
  m_CorrespondingSourceObject: {fileID: 0}
  m_PrefabInstance: {fileID: 0}
  m_PrefabAsset: {fileID: 0}
  m_GameObject: {fileID: 3900946570792649396}
  m_LocalRotation: {x: 0, y: 0, z: 0, w: 1}
  m_LocalPosition: {x: 55.69, y: 0, z: 0}
  m_LocalScale: {x: 1, y: 1, z: 1}
  m_Children: []
  m_Father: {fileID: 5974257144059022653}
  m_RootOrder: 2
  m_LocalEulerAnglesHint: {x: 0, y: 0, z: 0}
--- !u!1 &3975045935237776936
GameObject:
  m_ObjectHideFlags: 0
  m_CorrespondingSourceObject: {fileID: 0}
  m_PrefabInstance: {fileID: 0}
  m_PrefabAsset: {fileID: 0}
  serializedVersion: 6
  m_Component:
  - component: {fileID: 3975045935237776938}
  - component: {fileID: 3975045935237776937}
  m_Layer: 0
  m_Name: EDIFICIOS
  m_TagString: Untagged
  m_Icon: {fileID: 0}
  m_NavMeshLayer: 0
  m_StaticEditorFlags: 0
  m_IsActive: 1
--- !u!4 &3975045935237776938
Transform:
  m_ObjectHideFlags: 0
  m_CorrespondingSourceObject: {fileID: 0}
  m_PrefabInstance: {fileID: 0}
  m_PrefabAsset: {fileID: 0}
  m_GameObject: {fileID: 3975045935237776936}
  m_LocalRotation: {x: -0, y: -0, z: -0, w: 1}
  m_LocalPosition: {x: 27.845, y: 4.47, z: 0}
  m_LocalScale: {x: 1, y: 1, z: 1}
  m_Children: []
  m_Father: {fileID: 5974257144059022653}
  m_RootOrder: 0
  m_LocalEulerAnglesHint: {x: 0, y: 0, z: 0}
--- !u!212 &3975045935237776937
SpriteRenderer:
  m_ObjectHideFlags: 0
  m_CorrespondingSourceObject: {fileID: 0}
  m_PrefabInstance: {fileID: 0}
  m_PrefabAsset: {fileID: 0}
  m_GameObject: {fileID: 3975045935237776936}
  m_Enabled: 1
  m_CastShadows: 0
  m_ReceiveShadows: 0
  m_DynamicOccludee: 1
  m_MotionVectors: 1
  m_LightProbeUsage: 1
  m_ReflectionProbeUsage: 1
  m_RayTracingMode: 0
  m_RenderingLayerMask: 1
  m_RendererPriority: 0
  m_Materials:
  - {fileID: 2100000, guid: a97c105638bdf8b4a8650670310a4cd3, type: 2}
  m_StaticBatchInfo:
    firstSubMesh: 0
    subMeshCount: 0
  m_StaticBatchRoot: {fileID: 0}
  m_ProbeAnchor: {fileID: 0}
  m_LightProbeVolumeOverride: {fileID: 0}
  m_ScaleInLightmap: 1
  m_ReceiveGI: 1
  m_PreserveUVs: 0
  m_IgnoreNormalsForChartDetection: 0
  m_ImportantGI: 0
  m_StitchLightmapSeams: 1
  m_SelectedEditorRenderState: 0
  m_MinimumChartSize: 4
  m_AutoUVMaxDistance: 0.5
  m_AutoUVMaxAngle: 89
  m_LightmapParameters: {fileID: 0}
  m_SortingLayerID: 0
  m_SortingLayer: 0
  m_SortingOrder: -2
  m_Sprite: {fileID: 21300000, guid: d85212e24e0f54cdca6035f97deea04d, type: 3}
  m_Color: {r: 1, g: 1, b: 1, a: 1}
  m_FlipX: 0
  m_FlipY: 0
  m_DrawMode: 0
  m_Size: {x: 55.69, y: 55.69}
  m_AdaptiveModeThreshold: 0.5
  m_SpriteTileMode: 0
  m_WasSpriteAssigned: 1
  m_MaskInteraction: 0
  m_SpriteSortPoint: 0
--- !u!1 &4200203787680640400
GameObject:
  m_ObjectHideFlags: 0
  m_CorrespondingSourceObject: {fileID: 0}
  m_PrefabInstance: {fileID: 0}
  m_PrefabAsset: {fileID: 0}
  serializedVersion: 6
  m_Component:
  - component: {fileID: 3602842067119372095}
  - component: {fileID: 1307149452712381113}
  m_Layer: 0
  m_Name: Parametric Light 2D
  m_TagString: Untagged
  m_Icon: {fileID: 0}
  m_NavMeshLayer: 0
  m_StaticEditorFlags: 0
  m_IsActive: 1
--- !u!4 &3602842067119372095
Transform:
  m_ObjectHideFlags: 0
  m_CorrespondingSourceObject: {fileID: 0}
  m_PrefabInstance: {fileID: 0}
  m_PrefabAsset: {fileID: 0}
  m_GameObject: {fileID: 4200203787680640400}
  m_LocalRotation: {x: -0, y: -0, z: -0, w: 1}
  m_LocalPosition: {x: 33.039997, y: 13.981487, z: 12.556988}
  m_LocalScale: {x: 1.1125165, y: 1.6014706, z: 1.0641}
  m_Children: []
  m_Father: {fileID: 1708594221306948452}
  m_RootOrder: 2
  m_LocalEulerAnglesHint: {x: 0, y: 0, z: 0}
--- !u!114 &1307149452712381113
MonoBehaviour:
  m_ObjectHideFlags: 0
  m_CorrespondingSourceObject: {fileID: 0}
  m_PrefabInstance: {fileID: 0}
  m_PrefabAsset: {fileID: 0}
  m_GameObject: {fileID: 4200203787680640400}
  m_Enabled: 1
  m_EditorHideFlags: 0
  m_Script: {fileID: 11500000, guid: 073797afb82c5a1438f328866b10b3f0, type: 3}
  m_Name: 
  m_EditorClassIdentifier: 
  m_LightType: 0
  m_BlendStyleIndex: 0
  m_FalloffIntensity: 0.76
  m_Color: {r: 1, g: 0.42745098, b: 0, a: 1}
  m_Intensity: 0.6
  m_LightVolumeOpacity: 0
  m_ApplyToSortingLayers: 00000000
  m_LightCookieSprite: {fileID: 0}
  m_UseNormalMap: 0
  m_LightOrder: 1
  m_AlphaBlendOnOverlap: 0
  m_ShadowIntensity: 0
  m_ShadowVolumeIntensity: 0
  m_PointLightInnerAngle: 360
  m_PointLightOuterAngle: 360
  m_PointLightInnerRadius: 0
  m_PointLightOuterRadius: 1
  m_PointLightDistance: 3
  m_PointLightQuality: 1
  m_ShapeLightParametricSides: 4
  m_ShapeLightParametricAngleOffset: 0
  m_ShapeLightParametricRadius: 1
  m_ShapeLightFalloffSize: 0.5
  m_ShapeLightFalloffOffset: {x: 0, y: 0}
  m_ShapePath:
  - {x: -0.5, y: -0.5, z: 0}
  - {x: 0.5, y: -0.5, z: 0}
  - {x: 0.5, y: 0.5, z: 0}
  - {x: -0.5, y: 0.5, z: 0}
--- !u!1 &5487957027161858789
GameObject:
  m_ObjectHideFlags: 0
  m_CorrespondingSourceObject: {fileID: 0}
  m_PrefabInstance: {fileID: 0}
  m_PrefabAsset: {fileID: 0}
  serializedVersion: 6
  m_Component:
  - component: {fileID: 5790637837333516284}
  - component: {fileID: 9066182626941678518}
  m_Layer: 8
  m_Name: Calle
  m_TagString: Untagged
  m_Icon: {fileID: 0}
  m_NavMeshLayer: 0
  m_StaticEditorFlags: 0
  m_IsActive: 1
--- !u!4 &5790637837333516284
Transform:
  m_ObjectHideFlags: 0
  m_CorrespondingSourceObject: {fileID: 0}
  m_PrefabInstance: {fileID: 0}
  m_PrefabAsset: {fileID: 0}
  m_GameObject: {fileID: 5487957027161858789}
  m_LocalRotation: {x: 0, y: 0, z: 0, w: 1}
  m_LocalPosition: {x: 0, y: 0, z: 0}
  m_LocalScale: {x: 1, y: 1, z: 1}
  m_Children: []
  m_Father: {fileID: 5974257144059022653}
  m_RootOrder: 3
  m_LocalEulerAnglesHint: {x: 0, y: 0, z: 0}
--- !u!61 &9066182626941678518
BoxCollider2D:
  m_ObjectHideFlags: 0
  m_CorrespondingSourceObject: {fileID: 0}
  m_PrefabInstance: {fileID: 0}
  m_PrefabAsset: {fileID: 0}
  m_GameObject: {fileID: 5487957027161858789}
  m_Enabled: 1
  m_Density: 1
  m_Material: {fileID: 0}
  m_IsTrigger: 0
  m_UsedByEffector: 0
  m_UsedByComposite: 0
  m_Offset: {x: 27.83546, y: 0.8664818}
  m_SpriteTilingProperty:
    border: {x: 0, y: 0, z: 0, w: 0}
    pivot: {x: 0, y: 0}
    oldSize: {x: 0, y: 0}
    newSize: {x: 0, y: 0}
    adaptiveTilingThreshold: 0
    drawMode: 0
    adaptiveTiling: 0
  m_AutoTiling: 0
  serializedVersion: 2
  m_Size: {x: 55.680656, y: 1.7426987}
  m_EdgeRadius: 0
--- !u!1 &6261973070636657767
GameObject:
  m_ObjectHideFlags: 0
  m_CorrespondingSourceObject: {fileID: 0}
  m_PrefabInstance: {fileID: 0}
  m_PrefabAsset: {fileID: 0}
  serializedVersion: 6
  m_Component:
  - component: {fileID: 1188018411221263859}
  - component: {fileID: 4218445232972288436}
  m_Layer: 0
  m_Name: Freeform Light 2D (2)
  m_TagString: Untagged
  m_Icon: {fileID: 0}
  m_NavMeshLayer: 0
  m_StaticEditorFlags: 0
  m_IsActive: 1
--- !u!4 &1188018411221263859
Transform:
  m_ObjectHideFlags: 0
  m_CorrespondingSourceObject: {fileID: 0}
  m_PrefabInstance: {fileID: 0}
  m_PrefabAsset: {fileID: 0}
  m_GameObject: {fileID: 6261973070636657767}
  m_LocalRotation: {x: -0, y: -0, z: -0, w: 1}
  m_LocalPosition: {x: 2.684, y: 16.636, z: 12.556988}
  m_LocalScale: {x: 1, y: 1, z: 1}
  m_Children: []
  m_Father: {fileID: 1708594221306948452}
  m_RootOrder: 1
  m_LocalEulerAnglesHint: {x: 0, y: 0, z: 0}
--- !u!114 &4218445232972288436
MonoBehaviour:
  m_ObjectHideFlags: 0
  m_CorrespondingSourceObject: {fileID: 0}
  m_PrefabInstance: {fileID: 0}
  m_PrefabAsset: {fileID: 0}
  m_GameObject: {fileID: 6261973070636657767}
  m_Enabled: 1
  m_EditorHideFlags: 0
  m_Script: {fileID: 11500000, guid: 073797afb82c5a1438f328866b10b3f0, type: 3}
  m_Name: 
  m_EditorClassIdentifier: 
  m_LightType: 1
  m_BlendStyleIndex: 0
  m_FalloffIntensity: 0.78
  m_Color: {r: 0.5707547, g: 0.6711194, b: 1, a: 1}
  m_Intensity: 0.72
  m_LightVolumeOpacity: 0
  m_ApplyToSortingLayers: 00000000
  m_LightCookieSprite: {fileID: 0}
  m_UseNormalMap: 0
  m_LightOrder: 0
  m_AlphaBlendOnOverlap: 0
  m_ShadowIntensity: 0
  m_ShadowVolumeIntensity: 0
  m_PointLightInnerAngle: 360
  m_PointLightOuterAngle: 360
  m_PointLightInnerRadius: 0
  m_PointLightOuterRadius: 1
  m_PointLightDistance: 3
  m_PointLightQuality: 1
  m_ShapeLightParametricSides: 5
  m_ShapeLightParametricAngleOffset: 0
  m_ShapeLightParametricRadius: 1
  m_ShapeLightFalloffSize: 0.5
  m_ShapeLightFalloffOffset: {x: 0, y: 0}
  m_ShapePath:
  - {x: -0.19616246, y: -0.15817833, z: 0}
  - {x: -0.11449975, y: -0.1574421, z: 0}
  - {x: 0.15626895, y: -0.16079521, z: 0}
  - {x: 0.23537153, y: -0.15867996, z: 0}
  - {x: 0.05140853, y: 0.28154945, z: 0}
  - {x: -0.025249124, y: 0.28024483, z: 0}
--- !u!1 &6633398625873762896
GameObject:
  m_ObjectHideFlags: 0
  m_CorrespondingSourceObject: {fileID: 0}
  m_PrefabInstance: {fileID: 0}
  m_PrefabAsset: {fileID: 0}
  serializedVersion: 6
  m_Component:
  - component: {fileID: 1471672927746049821}
  - component: {fileID: 3169942777302515356}
  m_Layer: 0
  m_Name: Freeform Light 2D (3)
  m_TagString: Untagged
  m_Icon: {fileID: 0}
  m_NavMeshLayer: 0
  m_StaticEditorFlags: 0
  m_IsActive: 1
--- !u!4 &1471672927746049821
Transform:
  m_ObjectHideFlags: 0
  m_CorrespondingSourceObject: {fileID: 0}
  m_PrefabInstance: {fileID: 0}
  m_PrefabAsset: {fileID: 0}
  m_GameObject: {fileID: 6633398625873762896}
  m_LocalRotation: {x: -0, y: -0, z: -0, w: 1}
  m_LocalPosition: {x: 22.416, y: 18.385, z: 12.556988}
  m_LocalScale: {x: 1, y: 1, z: 1}
  m_Children: []
  m_Father: {fileID: 1708594221306948452}
  m_RootOrder: 7
  m_LocalEulerAnglesHint: {x: 0, y: 0, z: 0}
--- !u!114 &3169942777302515356
MonoBehaviour:
  m_ObjectHideFlags: 0
  m_CorrespondingSourceObject: {fileID: 0}
  m_PrefabInstance: {fileID: 0}
  m_PrefabAsset: {fileID: 0}
  m_GameObject: {fileID: 6633398625873762896}
  m_Enabled: 1
  m_EditorHideFlags: 0
  m_Script: {fileID: 11500000, guid: 073797afb82c5a1438f328866b10b3f0, type: 3}
  m_Name: 
  m_EditorClassIdentifier: 
  m_LightType: 1
  m_BlendStyleIndex: 0
  m_FalloffIntensity: 0.76
  m_Color: {r: 1, g: 1, b: 1, a: 1}
  m_Intensity: 0.5
  m_LightVolumeOpacity: 0
  m_ApplyToSortingLayers: 00000000
  m_LightCookieSprite: {fileID: 0}
  m_UseNormalMap: 0
  m_LightOrder: 0
  m_AlphaBlendOnOverlap: 0
  m_ShadowIntensity: 0
  m_ShadowVolumeIntensity: 0
  m_PointLightInnerAngle: 360
  m_PointLightOuterAngle: 360
  m_PointLightInnerRadius: 0
  m_PointLightOuterRadius: 1
  m_PointLightDistance: 3
  m_PointLightQuality: 1
  m_ShapeLightParametricSides: 5
  m_ShapeLightParametricAngleOffset: 0
  m_ShapeLightParametricRadius: 1
  m_ShapeLightFalloffSize: 9.71
  m_ShapeLightFalloffOffset: {x: 0.03, y: -12.07}
  m_ShapePath:
  - {x: -0.2015686, y: 0.4426689, z: 0}
  - {x: 0.10189438, y: 0.4307232, z: 0}
  - {x: 0.24606705, y: 0.5436268, z: 0}
  - {x: -0.3029518, y: 0.5366287, z: 0}
--- !u!1001 &1344642383653017023
PrefabInstance:
  m_ObjectHideFlags: 0
  serializedVersion: 2
  m_Modification:
    m_TransformParent: {fileID: 5974257144059022653}
    m_Modifications:
    - target: {fileID: 2446098988592888192, guid: 150b2c3b9ca6e4273ad538cb18491684,
        type: 3}
      propertyPath: m_LocalPosition.x
      value: 63.71
      objectReference: {fileID: 0}
    - target: {fileID: 2446098988592888192, guid: 150b2c3b9ca6e4273ad538cb18491684,
        type: 3}
      propertyPath: m_LocalPosition.y
      value: 1.16
      objectReference: {fileID: 0}
    - target: {fileID: 2446098988592888192, guid: 150b2c3b9ca6e4273ad538cb18491684,
        type: 3}
      propertyPath: m_LocalPosition.z
      value: 0
      objectReference: {fileID: 0}
    - target: {fileID: 2446098988592888192, guid: 150b2c3b9ca6e4273ad538cb18491684,
        type: 3}
      propertyPath: m_LocalRotation.x
      value: 0
      objectReference: {fileID: 0}
    - target: {fileID: 2446098988592888192, guid: 150b2c3b9ca6e4273ad538cb18491684,
        type: 3}
      propertyPath: m_LocalRotation.y
      value: 0
      objectReference: {fileID: 0}
    - target: {fileID: 2446098988592888192, guid: 150b2c3b9ca6e4273ad538cb18491684,
        type: 3}
      propertyPath: m_LocalRotation.z
      value: 0
      objectReference: {fileID: 0}
    - target: {fileID: 2446098988592888192, guid: 150b2c3b9ca6e4273ad538cb18491684,
        type: 3}
      propertyPath: m_LocalRotation.w
      value: 1
      objectReference: {fileID: 0}
    - target: {fileID: 2446098988592888192, guid: 150b2c3b9ca6e4273ad538cb18491684,
        type: 3}
      propertyPath: m_RootOrder
      value: 6
      objectReference: {fileID: 0}
    - target: {fileID: 2446098988592888192, guid: 150b2c3b9ca6e4273ad538cb18491684,
        type: 3}
      propertyPath: m_LocalEulerAnglesHint.x
      value: 0
      objectReference: {fileID: 0}
    - target: {fileID: 2446098988592888192, guid: 150b2c3b9ca6e4273ad538cb18491684,
        type: 3}
      propertyPath: m_LocalEulerAnglesHint.y
      value: 0
      objectReference: {fileID: 0}
    - target: {fileID: 2446098988592888192, guid: 150b2c3b9ca6e4273ad538cb18491684,
        type: 3}
      propertyPath: m_LocalEulerAnglesHint.z
      value: 0
      objectReference: {fileID: 0}
    - target: {fileID: 2446098988592888207, guid: 150b2c3b9ca6e4273ad538cb18491684,
        type: 3}
      propertyPath: m_Name
      value: DoubleLightLeft
      objectReference: {fileID: 0}
    - target: {fileID: 2446098988592888207, guid: 150b2c3b9ca6e4273ad538cb18491684,
        type: 3}
      propertyPath: m_IsActive
      value: 1
      objectReference: {fileID: 0}
    m_RemovedComponents: []
  m_SourcePrefab: {fileID: 100100000, guid: 150b2c3b9ca6e4273ad538cb18491684, type: 3}
--- !u!4 &3700669228284111935 stripped
Transform:
  m_CorrespondingSourceObject: {fileID: 2446098988592888192, guid: 150b2c3b9ca6e4273ad538cb18491684,
    type: 3}
  m_PrefabInstance: {fileID: 1344642383653017023}
  m_PrefabAsset: {fileID: 0}
--- !u!1001 &2167471025076397772
PrefabInstance:
  m_ObjectHideFlags: 0
  serializedVersion: 2
  m_Modification:
    m_TransformParent: {fileID: 5974257144059022653}
    m_Modifications:
    - target: {fileID: 55419602763844624, guid: 24065f863876a4a7b8b59c3dd542d09c,
        type: 3}
      propertyPath: m_LocalPosition.x
      value: -8.15
      objectReference: {fileID: 0}
    - target: {fileID: 55419602763844624, guid: 24065f863876a4a7b8b59c3dd542d09c,
        type: 3}
      propertyPath: m_LocalPosition.y
      value: 1.16
      objectReference: {fileID: 0}
    - target: {fileID: 55419602763844624, guid: 24065f863876a4a7b8b59c3dd542d09c,
        type: 3}
      propertyPath: m_LocalPosition.z
      value: 0
      objectReference: {fileID: 0}
    - target: {fileID: 55419602763844624, guid: 24065f863876a4a7b8b59c3dd542d09c,
        type: 3}
      propertyPath: m_LocalRotation.x
      value: 0
      objectReference: {fileID: 0}
    - target: {fileID: 55419602763844624, guid: 24065f863876a4a7b8b59c3dd542d09c,
        type: 3}
      propertyPath: m_LocalRotation.y
      value: 0
      objectReference: {fileID: 0}
    - target: {fileID: 55419602763844624, guid: 24065f863876a4a7b8b59c3dd542d09c,
        type: 3}
      propertyPath: m_LocalRotation.z
      value: 0
      objectReference: {fileID: 0}
    - target: {fileID: 55419602763844624, guid: 24065f863876a4a7b8b59c3dd542d09c,
        type: 3}
      propertyPath: m_LocalRotation.w
      value: 1
      objectReference: {fileID: 0}
    - target: {fileID: 55419602763844624, guid: 24065f863876a4a7b8b59c3dd542d09c,
        type: 3}
      propertyPath: m_RootOrder
      value: 9
      objectReference: {fileID: 0}
    - target: {fileID: 55419602763844624, guid: 24065f863876a4a7b8b59c3dd542d09c,
        type: 3}
      propertyPath: m_LocalEulerAnglesHint.x
      value: 0
      objectReference: {fileID: 0}
    - target: {fileID: 55419602763844624, guid: 24065f863876a4a7b8b59c3dd542d09c,
        type: 3}
      propertyPath: m_LocalEulerAnglesHint.y
      value: 0
      objectReference: {fileID: 0}
    - target: {fileID: 55419602763844624, guid: 24065f863876a4a7b8b59c3dd542d09c,
        type: 3}
      propertyPath: m_LocalEulerAnglesHint.z
      value: 0
      objectReference: {fileID: 0}
    - target: {fileID: 55419602763844629, guid: 24065f863876a4a7b8b59c3dd542d09c,
        type: 3}
      propertyPath: m_Name
      value: SingleRedLightRight
      objectReference: {fileID: 0}
    m_RemovedComponents: []
  m_SourcePrefab: {fileID: 100100000, guid: 24065f863876a4a7b8b59c3dd542d09c, type: 3}
--- !u!4 &2220420559667489500 stripped
Transform:
  m_CorrespondingSourceObject: {fileID: 55419602763844624, guid: 24065f863876a4a7b8b59c3dd542d09c,
    type: 3}
  m_PrefabInstance: {fileID: 2167471025076397772}
  m_PrefabAsset: {fileID: 0}
--- !u!1001 &3008760278415373402
PrefabInstance:
  m_ObjectHideFlags: 0
  serializedVersion: 2
  m_Modification:
    m_TransformParent: {fileID: 5974257144059022653}
    m_Modifications:
    - target: {fileID: 1550628750103779520, guid: 1bd05850cda994521889f0a7e9690417,
        type: 3}
      propertyPath: m_LocalPosition.x
      value: 33.2
      objectReference: {fileID: 0}
    - target: {fileID: 1550628750103779520, guid: 1bd05850cda994521889f0a7e9690417,
        type: 3}
      propertyPath: m_LocalPosition.y
      value: 13.05
      objectReference: {fileID: 0}
    - target: {fileID: 1550628750103779520, guid: 1bd05850cda994521889f0a7e9690417,
        type: 3}
      propertyPath: m_LocalPosition.z
      value: 0
      objectReference: {fileID: 0}
    - target: {fileID: 1550628750103779520, guid: 1bd05850cda994521889f0a7e9690417,
        type: 3}
      propertyPath: m_LocalRotation.x
      value: -0
      objectReference: {fileID: 0}
    - target: {fileID: 1550628750103779520, guid: 1bd05850cda994521889f0a7e9690417,
        type: 3}
      propertyPath: m_LocalRotation.y
      value: -0
      objectReference: {fileID: 0}
    - target: {fileID: 1550628750103779520, guid: 1bd05850cda994521889f0a7e9690417,
        type: 3}
      propertyPath: m_LocalRotation.z
      value: -0
      objectReference: {fileID: 0}
    - target: {fileID: 1550628750103779520, guid: 1bd05850cda994521889f0a7e9690417,
        type: 3}
      propertyPath: m_LocalRotation.w
      value: 1
      objectReference: {fileID: 0}
    - target: {fileID: 1550628750103779520, guid: 1bd05850cda994521889f0a7e9690417,
        type: 3}
      propertyPath: m_RootOrder
      value: 5
      objectReference: {fileID: 0}
    - target: {fileID: 1550628750103779520, guid: 1bd05850cda994521889f0a7e9690417,
        type: 3}
      propertyPath: m_LocalEulerAnglesHint.x
      value: 0
      objectReference: {fileID: 0}
    - target: {fileID: 1550628750103779520, guid: 1bd05850cda994521889f0a7e9690417,
        type: 3}
      propertyPath: m_LocalEulerAnglesHint.y
      value: 0
      objectReference: {fileID: 0}
    - target: {fileID: 1550628750103779520, guid: 1bd05850cda994521889f0a7e9690417,
        type: 3}
      propertyPath: m_LocalEulerAnglesHint.z
      value: 0
      objectReference: {fileID: 0}
    - target: {fileID: 1550628750103779525, guid: 1bd05850cda994521889f0a7e9690417,
        type: 3}
      propertyPath: m_Name
      value: ZuroCagando
      objectReference: {fileID: 0}
    m_RemovedComponents: []
  m_SourcePrefab: {fileID: 100100000, guid: 1bd05850cda994521889f0a7e9690417, type: 3}
--- !u!4 &4343074407786310810 stripped
Transform:
  m_CorrespondingSourceObject: {fileID: 1550628750103779520, guid: 1bd05850cda994521889f0a7e9690417,
    type: 3}
  m_PrefabInstance: {fileID: 3008760278415373402}
  m_PrefabAsset: {fileID: 0}
--- !u!1001 &3975045936489870795
PrefabInstance:
  m_ObjectHideFlags: 0
  serializedVersion: 2
  m_Modification:
    m_TransformParent: {fileID: 5974257144059022653}
    m_Modifications:
    - target: {fileID: 244240990381507751, guid: 563ddb9b112284be1a0d5eee7f13734b,
        type: 3}
      propertyPath: m_Name
      value: ZuroStreet
      objectReference: {fileID: 0}
    - target: {fileID: 244240990381507771, guid: 563ddb9b112284be1a0d5eee7f13734b,
        type: 3}
      propertyPath: m_LocalPosition.x
      value: 15.38
      objectReference: {fileID: 0}
    - target: {fileID: 244240990381507771, guid: 563ddb9b112284be1a0d5eee7f13734b,
        type: 3}
      propertyPath: m_LocalPosition.y
      value: 2.49
      objectReference: {fileID: 0}
    - target: {fileID: 244240990381507771, guid: 563ddb9b112284be1a0d5eee7f13734b,
        type: 3}
      propertyPath: m_LocalPosition.z
      value: 0
      objectReference: {fileID: 0}
    - target: {fileID: 244240990381507771, guid: 563ddb9b112284be1a0d5eee7f13734b,
        type: 3}
      propertyPath: m_LocalRotation.x
      value: -0
      objectReference: {fileID: 0}
    - target: {fileID: 244240990381507771, guid: 563ddb9b112284be1a0d5eee7f13734b,
        type: 3}
      propertyPath: m_LocalRotation.y
      value: -0
      objectReference: {fileID: 0}
    - target: {fileID: 244240990381507771, guid: 563ddb9b112284be1a0d5eee7f13734b,
        type: 3}
      propertyPath: m_LocalRotation.z
      value: -0
      objectReference: {fileID: 0}
    - target: {fileID: 244240990381507771, guid: 563ddb9b112284be1a0d5eee7f13734b,
        type: 3}
      propertyPath: m_LocalRotation.w
      value: 1
      objectReference: {fileID: 0}
    - target: {fileID: 244240990381507771, guid: 563ddb9b112284be1a0d5eee7f13734b,
        type: 3}
      propertyPath: m_RootOrder
      value: 1
      objectReference: {fileID: 0}
    - target: {fileID: 244240990381507771, guid: 563ddb9b112284be1a0d5eee7f13734b,
        type: 3}
      propertyPath: m_LocalEulerAnglesHint.x
      value: 0
      objectReference: {fileID: 0}
    - target: {fileID: 244240990381507771, guid: 563ddb9b112284be1a0d5eee7f13734b,
        type: 3}
      propertyPath: m_LocalEulerAnglesHint.y
      value: 0
      objectReference: {fileID: 0}
    - target: {fileID: 244240990381507771, guid: 563ddb9b112284be1a0d5eee7f13734b,
        type: 3}
      propertyPath: m_LocalEulerAnglesHint.z
      value: 0
      objectReference: {fileID: 0}
    m_RemovedComponents: []
  m_SourcePrefab: {fileID: 100100000, guid: 563ddb9b112284be1a0d5eee7f13734b, type: 3}
--- !u!4 &3767688613854261616 stripped
Transform:
  m_CorrespondingSourceObject: {fileID: 244240990381507771, guid: 563ddb9b112284be1a0d5eee7f13734b,
    type: 3}
  m_PrefabInstance: {fileID: 3975045936489870795}
  m_PrefabAsset: {fileID: 0}
--- !u!1001 &4658602841274443648
PrefabInstance:
  m_ObjectHideFlags: 0
  serializedVersion: 2
  m_Modification:
    m_TransformParent: {fileID: 5974257144059022653}
    m_Modifications:
    - target: {fileID: 1836778762464250248, guid: b82e72c7ea6cd4194a63a5907529a34b,
        type: 3}
      propertyPath: m_LocalPosition.x
      value: -12
      objectReference: {fileID: 0}
    - target: {fileID: 1836778762464250248, guid: b82e72c7ea6cd4194a63a5907529a34b,
        type: 3}
      propertyPath: m_LocalPosition.y
      value: 0.45
      objectReference: {fileID: 0}
    - target: {fileID: 1836778762464250248, guid: b82e72c7ea6cd4194a63a5907529a34b,
        type: 3}
      propertyPath: m_LocalPosition.z
      value: 0
      objectReference: {fileID: 0}
    - target: {fileID: 1836778762464250248, guid: b82e72c7ea6cd4194a63a5907529a34b,
        type: 3}
      propertyPath: m_LocalRotation.x
      value: 0
      objectReference: {fileID: 0}
    - target: {fileID: 1836778762464250248, guid: b82e72c7ea6cd4194a63a5907529a34b,
        type: 3}
      propertyPath: m_LocalRotation.y
      value: 0
      objectReference: {fileID: 0}
    - target: {fileID: 1836778762464250248, guid: b82e72c7ea6cd4194a63a5907529a34b,
        type: 3}
      propertyPath: m_LocalRotation.z
      value: 0
      objectReference: {fileID: 0}
    - target: {fileID: 1836778762464250248, guid: b82e72c7ea6cd4194a63a5907529a34b,
        type: 3}
      propertyPath: m_LocalRotation.w
      value: 1
      objectReference: {fileID: 0}
    - target: {fileID: 1836778762464250248, guid: b82e72c7ea6cd4194a63a5907529a34b,
        type: 3}
      propertyPath: m_RootOrder
      value: 7
      objectReference: {fileID: 0}
    - target: {fileID: 1836778762464250248, guid: b82e72c7ea6cd4194a63a5907529a34b,
        type: 3}
      propertyPath: m_LocalEulerAnglesHint.x
      value: 0
      objectReference: {fileID: 0}
    - target: {fileID: 1836778762464250248, guid: b82e72c7ea6cd4194a63a5907529a34b,
        type: 3}
      propertyPath: m_LocalEulerAnglesHint.y
      value: 0
      objectReference: {fileID: 0}
    - target: {fileID: 1836778762464250248, guid: b82e72c7ea6cd4194a63a5907529a34b,
        type: 3}
      propertyPath: m_LocalEulerAnglesHint.z
      value: 0
      objectReference: {fileID: 0}
    - target: {fileID: 1836778762464250253, guid: b82e72c7ea6cd4194a63a5907529a34b,
        type: 3}
      propertyPath: m_Name
      value: SingleLightRight
      objectReference: {fileID: 0}
    m_RemovedComponents: []
  m_SourcePrefab: {fileID: 100100000, guid: b82e72c7ea6cd4194a63a5907529a34b, type: 3}
--- !u!4 &6474806373809925640 stripped
Transform:
  m_CorrespondingSourceObject: {fileID: 1836778762464250248, guid: b82e72c7ea6cd4194a63a5907529a34b,
    type: 3}
  m_PrefabInstance: {fileID: 4658602841274443648}
  m_PrefabAsset: {fileID: 0}
--- !u!1001 &6067367667972687595
PrefabInstance:
  m_ObjectHideFlags: 0
  serializedVersion: 2
  m_Modification:
    m_TransformParent: {fileID: 5974257144059022653}
    m_Modifications:
    - target: {fileID: 7247496584732014256, guid: 9b83bfd5421244f1a8dd4dfca6821c8e,
        type: 3}
      propertyPath: m_LocalPosition.x
      value: 66
      objectReference: {fileID: 0}
    - target: {fileID: 7247496584732014256, guid: 9b83bfd5421244f1a8dd4dfca6821c8e,
        type: 3}
      propertyPath: m_LocalPosition.y
      value: 1.16
      objectReference: {fileID: 0}
    - target: {fileID: 7247496584732014256, guid: 9b83bfd5421244f1a8dd4dfca6821c8e,
        type: 3}
      propertyPath: m_LocalPosition.z
      value: 0
      objectReference: {fileID: 0}
    - target: {fileID: 7247496584732014256, guid: 9b83bfd5421244f1a8dd4dfca6821c8e,
        type: 3}
      propertyPath: m_LocalRotation.x
      value: 0
      objectReference: {fileID: 0}
    - target: {fileID: 7247496584732014256, guid: 9b83bfd5421244f1a8dd4dfca6821c8e,
        type: 3}
      propertyPath: m_LocalRotation.y
      value: 0
      objectReference: {fileID: 0}
    - target: {fileID: 7247496584732014256, guid: 9b83bfd5421244f1a8dd4dfca6821c8e,
        type: 3}
      propertyPath: m_LocalRotation.z
      value: 0
      objectReference: {fileID: 0}
    - target: {fileID: 7247496584732014256, guid: 9b83bfd5421244f1a8dd4dfca6821c8e,
        type: 3}
      propertyPath: m_LocalRotation.w
      value: 1
      objectReference: {fileID: 0}
    - target: {fileID: 7247496584732014256, guid: 9b83bfd5421244f1a8dd4dfca6821c8e,
        type: 3}
      propertyPath: m_RootOrder
      value: 8
      objectReference: {fileID: 0}
    - target: {fileID: 7247496584732014256, guid: 9b83bfd5421244f1a8dd4dfca6821c8e,
        type: 3}
      propertyPath: m_LocalEulerAnglesHint.x
      value: 0
      objectReference: {fileID: 0}
    - target: {fileID: 7247496584732014256, guid: 9b83bfd5421244f1a8dd4dfca6821c8e,
        type: 3}
      propertyPath: m_LocalEulerAnglesHint.y
      value: 0
      objectReference: {fileID: 0}
    - target: {fileID: 7247496584732014256, guid: 9b83bfd5421244f1a8dd4dfca6821c8e,
        type: 3}
      propertyPath: m_LocalEulerAnglesHint.z
      value: 0
      objectReference: {fileID: 0}
    - target: {fileID: 7247496584732014258, guid: 9b83bfd5421244f1a8dd4dfca6821c8e,
        type: 3}
      propertyPath: m_Controller
      value: 
      objectReference: {fileID: 0}
    - target: {fileID: 7247496584732014260, guid: 9b83bfd5421244f1a8dd4dfca6821c8e,
        type: 3}
      propertyPath: lights.Array.size
      value: 1
      objectReference: {fileID: 0}
    - target: {fileID: 7247496584732014260, guid: 9b83bfd5421244f1a8dd4dfca6821c8e,
        type: 3}
      propertyPath: lights.Array.data[0]
      value: 
      objectReference: {fileID: 3506009437379408393}
    - target: {fileID: 7247496584732014263, guid: 9b83bfd5421244f1a8dd4dfca6821c8e,
        type: 3}
      propertyPath: m_Name
      value: SingleLightLeft
      objectReference: {fileID: 0}
    m_RemovedComponents: []
  m_SourcePrefab: {fileID: 100100000, guid: 9b83bfd5421244f1a8dd4dfca6821c8e, type: 3}
--- !u!4 &3506009436889886811 stripped
Transform:
  m_CorrespondingSourceObject: {fileID: 7247496584732014256, guid: 9b83bfd5421244f1a8dd4dfca6821c8e,
    type: 3}
  m_PrefabInstance: {fileID: 6067367667972687595}
  m_PrefabAsset: {fileID: 0}
--- !u!1 &3506009437379408393 stripped
GameObject:
  m_CorrespondingSourceObject: {fileID: 7247496584351020258, guid: 9b83bfd5421244f1a8dd4dfca6821c8e,
    type: 3}
  m_PrefabInstance: {fileID: 6067367667972687595}
  m_PrefabAsset: {fileID: 0}
